
@article{huang_high-performance_2012,
	title = {High-Performance {SIFT} Hardware Accelerator for Real-Time Image Feature Extraction},
	volume = {22},
	rights = {https://ieeexplore.ieee.org/Xplorehelp/downloads/license-information/{IEEE}.html},
	issn = {1051-8215, 1558-2205},
	url = {http://ieeexplore.ieee.org/document/5959965/},
	doi = {10.1109/TCSVT.2011.2162760},
	pages = {340--351},
	number = {3},
	journaltitle = {{IEEE} Transactions on Circuits and Systems for Video Technology},
	shortjournal = {{IEEE} Trans. Circuits Syst. Video Technol.},
	author = {Huang, Feng-Cheng and Huang, Shi-Yu and Ker, Ji-Wei and Chen, Yung-Chang},
	urldate = {2024-03-30},
	date = {2012-03},
	file = {Huang et al. - 2012 - High-Performance SIFT Hardware Accelerator for Rea.pdf:files/211/Huang et al. - 2012 - High-Performance SIFT Hardware Accelerator for Rea.pdf:application/pdf},
}

@online{noauthor_opencv_nodate,
	title = {{OpenCV}: Introduction to {SIFT} (Scale-Invariant Feature Transform)},
	url = {https://docs.opencv.org/4.x/da/df5/tutorial_py_sift_intro.html},
	urldate = {2024-03-30},
	file = {OpenCV\: Introduction to SIFT (Scale-Invariant Feature Transform):files/213/tutorial_py_sift_intro.html:text/html},
}
